<record xmlns:xsi="http://www.w3.org/2001/XMLSchema-instance" xmlns="http://www.loc.gov/MARC21/slim" xsi:schemaLocation="http://www.loc.gov/MARC21/slim http://www.loc.gov/standards/marcxml/schema/MARC21slim.xsd">

  <leader>00915nam a2200265Ia 4500</leader>
  <controlfield tag="008">150724b2008    c  ||||| |||| 00| | spa d</controlfield>
  <datafield ind1=" " tag="020" ind2=" ">
    <subfield code="a">0977227189</subfield>
  </datafield>
  <datafield ind1=" " ind2=" " tag="090">
    <subfield code="a">18.09.01 </subfield>
    <subfield code="b">1546</subfield>
  </datafield>
  <datafield ind1="1" tag="100" ind2=" ">
    <subfield code="a">Ravela, Pedro</subfield>
    <subfield code="9">462</subfield>
  </datafield>
  <datafield ind1="1" tag="245" ind2=" ">
    <subfield code="a">Las evaluaciones educativas que América Latina necesita / </subfield>
    <subfield code="c">Pedro Ravela, Patricia Arregui, Gilbert Valverde, Richard Wolfe, Guillermo Ferrer, Felipe Martínez Rizo,  Mariana Aylwin,  Laurence Wolff</subfield>
  </datafield>
  <datafield tag="260" ind2=" " ind1=" ">
    <subfield code="a">Santiago, Cl. : </subfield>
    <subfield code="b">PREAL, </subfield>
    <subfield code="c">2008</subfield>
  </datafield>
  <datafield ind2=" " tag="300" ind1=" ">
    <subfield code="a">23 páginas</subfield>
  </datafield>
  <datafield tag="490" ind2=" " ind1=" ">
    <subfield code="a">Documentos no.40</subfield>
  </datafield>
  <datafield ind1="1" tag="650" ind2="4">
    <subfield code="a">EVALUACIÓN </subfield>
    <subfield code="9">287</subfield>
  </datafield>
  <datafield ind1="1" tag="650" ind2="4">
    <subfield code="a">EDUCACIÓN</subfield>
    <subfield code="9">1</subfield>
  </datafield>
  <datafield ind1=" " ind2="4" tag="651">
    <subfield code="9">273</subfield>
    <subfield code="a">AMÉRICA LATINA</subfield>
  </datafield>
  <datafield ind1=" " tag="700" ind2=" ">
    <subfield code="a">Arregui, Patricia</subfield>
    <subfield code="9">463</subfield>
  </datafield>
  <datafield ind1=" " ind2=" " tag="700">
    <subfield code="a">Valverde, Gilbert</subfield>
    <subfield code="9">464</subfield>
  </datafield>
  <datafield tag="700" ind2=" " ind1=" ">
    <subfield code="a">Wolfe, Richard</subfield>
    <subfield code="9">465</subfield>
  </datafield>
  <datafield ind1=" " tag="700" ind2=" ">
    <subfield code="a">Ferrer, Guillermo</subfield>
    <subfield code="9">466</subfield>
  </datafield>
  <datafield ind2=" " tag="700" ind1=" ">
    <subfield code="a">Martínez Rizo, Felipe</subfield>
    <subfield code="9">467</subfield>
  </datafield>
  <datafield ind2=" " tag="700" ind1=" ">
    <subfield code="a">Aylwin, Mariana</subfield>
    <subfield code="9">468</subfield>
  </datafield>
  <datafield ind1=" " ind2=" " tag="700">
    <subfield code="a">Wolff, Laurence</subfield>
    <subfield code="9">461</subfield>
  </datafield>
  <datafield ind1=" " ind2=" " tag="942">
    <subfield code="2">z</subfield>
    <subfield code="c">01</subfield>
  </datafield>
  <datafield ind2=" " tag="999" ind1=" ">
    <subfield code="c">86</subfield>
    <subfield code="d">86</subfield>
  </datafield>
</record>